% dist-ai.bib

@inproceedings{ProofAutomation:PhDThesis2014,
  title={Proof automation and type synthesis for set theory in the context of TLA+. (Automatisation de preuves et synth{\`e}se de types pour la th{\'e}orie des ensembles dans le contexte de TLA+)},
  author={Hern{\'a}n Vanzetto},
  year={2014}
}